    @BOOK{Pravidla,
      author =       "{Kolektiv autorù}",
      title =        "Pravidla èeského pravopisu",
      publisher =    "Academia",
      year =         "2005",
      note =         "ISBN~80-200-1327-X",
    }
    
    @BOOK{Knuth,
      author =       "Donald E. Knuth",
      title =        "The {\TeX}book",
      publisher =    "Addison-Wesley Publishing Company",
      year =         "1996",
      note =         "ISBN~0-201-13447-0",
    }
    
    @BOOK{Rybicka,
      author =       "Jiøí Rybièka",
      title =        "{\LaTeX} pro zaèáteèníky",
      publisher =    "Konvoj",
      year =         "1999",
      note =         "ISBN~80-85615-77-0",
    }

    @BOOK{Olsak,
      author =       "Petr Olšák",
      title =        "{\TeX}book naruby",
      publisher =    "Konvoj",
      year =         "2001",
      note =         "ISBN~80-7302-0007-6",
    }

    @BOOK{Eikh,
      author =       "Victor Eikhout",
      title =        "{\TeX}by Topics, a {\TeX}nitian's Reference ",
      publisher =    "Addison-Wesley UK",
      year =         "2001",
      note =         "ISBN~0-201-56882-9",
    }

   @MISC{cstugWeb,
      author =       "{WWW stránky}",  
      title =        "Èeskoslovenské sdružení uživatelù {\TeX}u",
      howpublished=  "{\tt http://www.cstug.cz}",
   }

   @MISC{fitWeb,
      author =       "Z. Rábová and P. Hanáèek and P. Peringer and P. Pøikryl and B. Køena",  
      title =        "Užiteèné rady pro psaní odborného textu [online]",
      publisher =    "FIT VUT v Brnì",
      year =         "2008-11-01 [cit. 2008-11-28]",
      howpublished=  "{\tt http://www.fit.vutbr.cz/info/statnice/psani\_textu.html}",
   }
